
@article{hershberger1994,
	author = {J. Hershberger and J. Snoeyink},
	journal = {Canadian Conference on Computational Geometry},
	title = {An efficient solution to the zookeeper's problem},
	pages = {104--109},
	year = {1994}
}

@article{ntafo1992,
	author = {S. Ntafos},
	journal = {Computational Geometry: Theory and Applications},
	title = {Watchman routes under limited visibility},
	volume = {1},
	pages = {149--170},
	year = {1992}
}

@article{tan2001,
	author = {X. Tan},
	journal = {Information Processing Letters},
	title = {Fast computation of shortest watchman routes in simple polygons},
	volume = {77},
	pages = {27--33},
	year = {2001}
}

@article{mitchell2003,
	title={Touring a sequence of polygons},
	author={Moshe Dror and Alon Efrat and Anna Lubiw and Joseph S. B. Mitchell},
	journal={STOC '03},
	pages={473 -- 482},
	year={2003},
	url={https://doi.org/10.1145/780542.780612}
}
